@article{De_Domenico_2016,
   title={Spectral Entropies as Information-Theoretic Tools for Complex Network Comparison},
   volume={6},
   ISSN={2160-3308},
   DOI={10.1103/physrevx.6.041062},
   number={4},
   journal={Physical Review X},
   publisher={American Physical Society (APS)},
   author={De Domenico, Manlio and Biamonte, Jacob},
   year={2016},
   month=dec,
}

@article{De_Domenico_2020,
  title = {Statistical physics of complex information dynamics},
  author = {Ghavasieh, Arsham and Nicolini, Carlo and De Domenico, Manlio},
  journal = {Phys. Rev. E},
  volume = {102},
  issue = {5},
  pages = {052304},
  numpages = {8},
  year = {2020},
  publisher = {American Physical Society},
  doi = {10.1103/PhysRevE.102.052304},
}

@article{De_Domenico_2023,
  title = {Generalized network density matrices for analysis of multiscale functional diversity},
  author = {Ghavasieh, Arsham and De Domenico, Manlio},
  journal = {Phys. Rev. E},
  volume = {107},
  issue = {4},
  pages = {044304},
  numpages = {14},
  year = {2023},
  publisher = {American Physical Society},
  doi = {10.1103/PhysRevE.107.044304},
}

@article{Bianconi_entropy_1,
  title = {Entropy measures for networks: Toward an information theory of complex topologies},
  author = {Anand, Kartik and Bianconi, Ginestra},
  journal = {Phys. Rev. E},
  volume = {80},
  issue = {4},
  pages = {045102},
  numpages = {4},
  year = {2009},
  publisher = {American Physical Society},
  doi = {10.1103/PhysRevE.80.045102},
}

@article{Bianconi_entropy_2,
  title = {Entropy of network ensembles},
  author = {Bianconi, Ginestra},
  journal = {Phys. Rev. E},
  volume = {79},
  issue = {3},
  pages = {036114},
  numpages = {10},
  year = {2009},
  publisher = {American Physical Society},
  doi = {10.1103/PhysRevE.79.036114},
}

@article{erdos-renyi1960,
  author = {Erdős, Paul and Rényi, Alfréd},
  title = {On the Evolution of Random Graphs},
  journal = {Publication of the Mathematical Institute of the Hungarian Academy of Sciences},
  year = {1960},
  volume={5},
  number={1},
  pages = {17--61},
}

@article{Erdos-renyi1959,
  author = {P. Erdős and A Rényi},
  title = {On Random Graphs I},
  journal = {Publicationes Mathematicae},
  pages = {290--297},
  volume = {6},
  year = {1959},
}

@article{gilbert,
author = {E. N. Gilbert},
title = {Random Graphs},
volume = {30},
journal = {The Annals of Mathematical Statistics},
number = {4},
pages = {1141 -- 1144},
year = {1959},
doi = {10.1214/aoms/1177706098},
}

@article{Watts-Strogatz_1998,
  title={Collective dynamics of 'small-world' networks},
  author={Watts, Duncan J. and  Strogatz, Steven H.},
  journal={Nature},
  year={1998},
  volume={393},
  pages={440-442},
  doi={10.1038/30918},
}

@article{Barabasi_Albert_1999,
  title={Emergence of Scaling in Random Networks},
  volume={286},
  ISSN={1095-9203},
  DOI={10.1126/science.286.5439.509},
  number={5439},
  journal={Science},
  publisher={American Association for the Advancement of Science (AAAS)},
  author={Barabási, Albert-László and Albert, Réka},
  year={1999},
  month=oct,
  pages={509-512} 
}

@article{Estrada_2012,
title = {The physics of communicability in complex networks},
author = {Estrada, Ernesto and Hatano, Naomichi and Benzi, Michele},
journal = {Physics Reports},
volume = {514},
number = {3},
pages = {89-119},
year = {2012},
issn = {0370-1573},
doi = {10.1016/j.physrep.2012.01.006},
}

@article{Generalized_inverse_Laplacian,
 title = {Generalized inverse of the laplacian matrix and some applications},
 author = {I. Gutman and W. Xiao},
 journal = {Bulletin (Académie serbe des sciences et des arts. Classe des sciences mathématiques et naturelles. Sciences mathématiques)},
 number = {29},
 pages = {15--23},
 publisher = {Serbian Academy of Sciences and Arts},
 year = {2004},
 ISSN = {05617332, 24060909},
 URL = {http://www.jstor.org/stable/44095641},
}

@article{ESTRADA2010,
title = {A vibrational approach to node centrality and vulnerability in complex networks},
author = { Estrada, Ernesto and  Hatano, Naomichi},
journal = {Physica A: Statistical Mechanics and its Applications},
volume = {389},
number = {17},
pages = {3648-3660},
year = {2010},
issn = {0378-4371},
doi = {https://doi.org/10.1016/j.physa.2010.03.030},
}

@article{Estrada_2008,
   title={Communicability in complex networks},
   volume={77},
   DOI={10.1103/physreve.77.036111},
   number={3},
   journal={Physical Review E},
   publisher={American Physical Society (APS)},
   author={Estrada, Ernesto and Hatano, Naomichi},
   year={2008},
   month=mar,
}

@book{Coleman_2015,
  place={Cambridge},
  title={Introduction to Many-Body Physics},
  publisher={Cambridge University Press},
  author={Coleman, Piers},
  year={2015},
  isbn = {9781139020916},
  doi = {https://doi.org/10.1017/CBO9781139020916},
}

@article{Katz,
  author = {Katz, Leo},
  title = {A new status index derived from sociometric analysis},
  journal = {Psychometrika},
  volume = {18},
  year = {1953},
  pages = {39.43},
  doi = {https://doi.org/10.1007/BF02289026},
}

@article{Benzi_Klymko,
author = {Benzi, Michele and Klymko, Christine},
title = {On the Limiting Behavior of Parameter-Dependent Network Centrality Measures},
journal = {SIAM Journal on Matrix Analysis and Applications},
volume = {36},
number = {2},
pages = {686-706},
year = {2015},
doi = {10.1137/130950550},
}


@article{multilayer,
author = {De Domenico, Manlio and Nicosia, Vincenzo and Arenas, Alexandre and Latora, Vito},
title = {Structural reducibility of multilayer networks},
journal = {Nature Communications},
volume = {6},
year = {2015},
doi = {10.1038/ncomms7864},
}

@article{quantum_walk,
  author = {Childs, Andrew M. and Farhi, Edward and Gutmann, Sam},
  journal = {Quantum Information Processing},
  title = {An Example of the Difference Between Quantum and Classical Random Walks},
  volume = {1},
  pages = {35, 43},
  year = {2002},
  doi = {10.1023/A:1019609420309},
}

@article{Jensen-Shannon_divergence,
  title={Properties of classical and quantum Jensen-Shannon divergence},
  volume={79},
  DOI={10.1103/physreva.79.052311},
  number={5},
  journal={Physical Review A},
  publisher={American Physical Society (APS)},
  author={Briët, Jop and Harremoës, Peter},
  year={2009},
  month=may 
}

@book{Nielsen_Chuang_2010,
 place={Cambridge},
  title={Quantum Computation and Quantum Information: 10th Anniversary Edition},
  publisher={Cambridge University Press},
  author={Nielsen, Michael A. and Chuang, Isaac L.},
  year={2010}
}

@article{QSW,
  title = {Quantum stochastic walks: A generalization of classical random walks and quantum walks},
  author = {Whitfield, James D. and Rodr\'{\i}guez-Rosario, C\'esar A. and Aspuru-Guzik, Al\'an},
  journal = {Phys. Rev. A},
  volume = {81},
  issue = {2},
  pages = {022323},
  numpages = {6},
  year = {2010},
  publisher = {American Physical Society},
  doi = {10.1103/PhysRevA.81.022323},
}

@article{Lindblad,
    author = {Lindblad, Göran},
    journal = {Communications in Mathematical Physics},
    title = {On the generators of quantum dynamical semigroups},
    volume = {48},
    pages = {119 - 130},
    year = {1976},
    doi = {10.1007/BF01608499},
}

@misc{lindblad_dynamics_damped_forced,
      title={Lindblad dynamics of the damped and forced quantum harmonic oscillator}, 
      author={H. J. Korsch},
      year={2019},
      eprint={1908.01187},
      archivePrefix={arXiv},
      primaryClass={quant-ph},
      url={https://arxiv.org/abs/1908.01187}, 
}

@misc{fujii2012,
      title={Quantum Damped Harmonic Oscillator}, 
      author={Kazuyuki Fujii},
      year={2012},
      eprint={1209.1437},
      archivePrefix={arXiv},
      primaryClass={quant-ph},
      url={https://arxiv.org/abs/1209.1437}, 
}

@article{Farhi_98,
  title = {Quantum computation and decision trees},
  author = {Farhi, Edward and Gutmann, Sam},
  journal = {Phys. Rev. A},
  volume = {58},
  issue = {2},
  pages = {915--928},
  numpages = {0},
  year = {1998},
  publisher = {American Physical Society},
  doi = {10.1103/PhysRevA.58.915},
}

@book{mabramowitz64:handbook,  
  author = {Abramowitz, Milton and Stegun, Irene A.},
  title = {Handbook of Mathematical Functions with Formulas, Graphs and Mathematical Tables},
  year = 1965
}

@article{Bruderer_Plenio,
  title = {Decoherence-enhanced performance of quantum walks applied to graph isomorphism testing},
  author = {Bruderer, M. and Plenio, M. B.},
  journal = {Phys. Rev. A},
  volume = {94},
  issue = {6},
  year = {2016},
  publisher = {American Physical Society},
  doi = {10.1103/PhysRevA.94.062317},
}

@article{Anvit_Cohen,
  title = {Quantum walk in stochastic environment},
  author = {Avnit, Ben and Cohen, Doron},
  journal = {Phys. Rev. E},
  volume = {108},
  issue = {5},
  year = {2023},
  publisher = {American Physical Society},
  doi = {10.1103/PhysRevE.108.054111},
}

@article{Sinai,
author = {Sinai, Ya. G.},
title = {The Limiting Behavior of a One-Dimensional Random Walk in a Random Medium},
journal = {Theory of Probability \& Its Applications},
volume = {27},
number = {2},
pages = {256-268},
year = {1983},
doi = {10.1137/1127028},
}

@article{Shapira_Cohen,
  author = {Shapira, Dekel and Cohen, Doron},
  journal = {Scientific Reports},
  title = {Quantum stochastic transport along chains},
  volume = {10},
  year = {2020},
  doi = {10.1038/s41598-020-66143-1},
}


@article{Derrida,
  author = {Derrida, Bernard},
  journal = {Journal of Statistical Physics},
  title = {Velocity and diffusion constant of a periodic one-dimensional hopping model},
  volume = {31},
  pages = {433-450},
  year = {1983},
  doi = {10.1007/BF01019492},
}

@article{G_K_S,
    author = {Gorini, Vittorio and Kossakowski, Andrzej and Sudarshan, E. C. G.},
    title = {Completely positive dynamical semigroups of N‐level systems},
    journal = {Journal of Mathematical Physics},
    volume = {17},
    number = {5},
    pages = {821-825},
    year = {1976},
    month = {05},
    doi = {10.1063/1.522979},
}

@article{Manzano,
    author = {Manzano, Daniel},
    title = {A short introduction to the Lindblad master equation},
    journal = {AIP Advances},
    volume = {10},
    number = {2},
    pages = {025106},
    year = {2020},
    month = {02},
    doi = {10.1063/1.5115323},
}

@book{Breuer-Petruccione,
    author = {Breuer, Heinz-Peter and Petruccione, Francesco},
    title = {The Theory of Open Quantum Systems},
    publisher = {Oxford University Press},
    year = {2007},
    month = {01},
    isbn = {9780199213900},
    doi = {10.1093/acprof:oso/9780199213900.001.0001},
}

@ARTICLE{Redfield,
  author={Redfield, A. G.},
  journal={IBM Journal of Research and Development}, 
  title={On the Theory of Relaxation Processes}, 
  year={1957},
  volume={1},
  number={1},
  pages={19-31},
  doi={10.1147/rd.11.0019},
}
@article{Bouchaud,
author = {Jean-Philippe Bouchaud and Antoine Georges},
title = {Anomalous diffusion in disordered media: Statistical mechanisms, models and physical applications},
journal = {Physics Reports},
volume = {195},
number = {4},
pages = {127-293},
year = {1990},
issn = {0370-1573},
doi = {https://doi.org/10.1016/0370-1573(90)90099-N},
}

@article{Domino,
  author = {Domino, Krzysztof and Glos, Adam and Ostaszewski, Mateusz and Pawela, Łukasz and Sadowski, Przemysław},
  year = {2018},
  pages = {181-197},
  title = {Properties of quantum stochastic walks from the asymptotic scaling exponent},
  volume = {18},
  publisher={Rinton Press},
  journal = {Quantum Information and Computation},
  doi = {10.26421/QIC18.3-4-1}
}

@article{Classic_random_walk,
author = {Naoki Masuda and Mason A. Porter and Renaud Lambiotte},
title = {Random walks and diffusion on networks},
journal = {Physics Reports},
volume = {716-717},
pages = {1-58},
year = {2017},
doi = {https://doi.org/10.1016/j.physrep.2017.07.007},
}

@article{Boccaletti,
title = {Complex networks: Structure and dynamics},
author = {S. Boccaletti and V. Latora and Y. Moreno and M. Chavez and D.-U. Hwang},
journal = {Physics Reports},
volume = {424},
number = {4},
pages = {175-308},
year = {2006},
doi = {https://doi.org/10.1016/j.physrep.2005.10.009},
}

@article{Klein-Kramers,
title = {Brownian motion in a field of force and the diffusion model of chemical reactions},
author = {H.A. Kramers},
journal = {Physica},
volume = {7},
number = {4},
pages = {284-304},
year = {1940},
issn = {0031-8914},
doi = {https://doi.org/10.1016/S0031-8914(40)90098-2},
}

@article{Fokker,
author = {Fokker, A. D.},
title = {Die mittlere Energie rotierender elektrischer Dipole im Strahlungsfeld},
journal = {Annalen der Physik},
volume = {348},
number = {5},
pages = {810-820},
doi = {https://doi.org/10.1002/andp.19143480507},
year = {1914}
}

@article{Euler,
  author = {Euler Leonhard},
  journal = {Commentarii Academiae Scientiarum Petropolitanae},
  title = {Solutio Problematis Ad Geometriam Situs Pertinentis},
  volume = {8},
  pages = {128-140},
  year = {1736}
}

@InProceedings{Kuramoto,
author="Kuramoto, Yoshiki",
editor="Araki, Huzihiro",
title="Self-entrainment of a population of coupled non-linear oscillators",
booktitle="International Symposium on Mathematical Problems in Theoretical Physics",
year="1975",
publisher="Springer Berlin Heidelberg",
address="Berlin, Heidelberg",
pages="420--422",
isbn="978-3-540-37509-8"
}

@article{Quantum_walk_Google,
  author = {Paparo, G. D. and Martin-Delgado, M. A.},
  journal = {Scientific Reports},
  title = {Google in a Quantum Network},
  volume = {2},
  year = {2012},
  doi = {10.1038/srep00444},
}

@article{classic_to_quantum_networks,
  author = {Biamonte, Jacob and Faccin, Mauro and De Domenico, Manlio},
  journal = {Communications Physics},
  title = {Complex networks from classical to quantum},
  volume = {2},
  year = {2019},
  doi = {10.1038/s42005-019-0152-6},
}

@article{Pagerank_2015,
author = {Gleich, David F.},
title = {PageRank Beyond the Web},
journal = {SIAM Review},
volume = {57},
number = {3},
pages = {321-363},
year = {2015},
doi = {10.1137/140976649},
}

@article{Pagerank_1998,
author = {Sergey Brin and Lawrence Page},
title = {The anatomy of a large-scale hypertextual Web search engine},
journal = {Computer Networks and ISDN Systems},
volume = {30},
number = {1},
pages = {107-117},
year = {1998},
note = {Proceedings of the Seventh International World Wide Web Conference},
issn = {0169-7552},
doi = {https://doi.org/10.1016/S0169-7552(98)00110-X},
}

@article{Kempe,
author = {J Kempe},
title = {Quantum random walks: An introductory overview},
journal = {Contemporary Physics},
volume = {44},
number = {4},
pages = {307--327},
year = {2003},
publisher = {Taylor \& Francis},
doi = {10.1080/00107151031000110776},
}

@article{Coin_quantum_walk,
  title = {Quantum random walks},
  author = {Aharonov, Y. and Davidovich, L. and Zagury, N.},
  journal = {Phys. Rev. A},
  volume = {48},
  issue = {2},
  pages = {1687--1690},
  numpages = {0},
  year = {1993},
  publisher = {American Physical Society},
  doi = {10.1103/PhysRevA.48.1687},
}

@book{Ringel_Color_Theorem,
  title={Map Color Theorem},
  author={Ringel, G.},
  isbn={9783642657597},
  series={Grundlehren der mathematischen Wissenschaften},
  url={https://books.google.it/books?id=EfoOCQAAQBAJ},
  year={2012},
  publisher={Springer Berlin Heidelberg},
  doi = {10.1007/978-3-642-65759-7},
}

@article{Heawood_color_theorem,
  author = {Heawood, P. J.},
  title = {Map-Colour Theorem},
  journal = {Proceedings of the London Mathematical Society},
  volume = {s2-51},
  number = {1},
  pages = {161-175},
  year = {1949},
  month = {01},
  issn = {0024-6115},
  doi = {10.1112/plms/s2-51.3.161},
}

@article{K-L_divergence,
  title={On Information and Sufficiency},
  author={Solomon Kullback and R. A. Leibler},
  journal={Annals of Mathematical Statistics},
  year={1951},
  volume={22},
  pages={79-86},
  doi = {10.1214/aoms/1177729694},
}

@article{J-S_divergence,
  title = {Jensen-Shannon divergence as a measure of distinguishability between mixed quantum states},
  author = {Majtey, A. P. and Lamberti, P. W. and Prato, D. P.},
  journal = {Phys. Rev. A},
  volume = {72},
  issue = {5},
  pages = {052310},
  numpages = {6},
  year = {2005},
  publisher = {American Physical Society},
  doi = {10.1103/PhysRevA.72.052310},
}




